<record><leader>00000cas a22000007a 4500</leader><controlfield tag="001">16799054</controlfield><controlfield tag="008">871002d18921899ohudr ne      0    0eng d</controlfield><datafield ind1=" " ind2=" " tag="010"><subfield code="a">sn 87076713 </subfield></datafield><datafield ind1=" " ind2=" " tag="040"><subfield code="a">ONP</subfield><subfield code="b">eng</subfield><subfield code="c">ONP</subfield><subfield code="d">OCLCQ</subfield></datafield><datafield ind1=" " ind2=" " tag="042"><subfield code="a">msc</subfield></datafield><datafield ind1="0" ind2=" " tag="130"><subfield code="a">Toledo evening bee (Toledo, Ohio : 1892)</subfield></datafield><datafield ind1="1" ind2="4" tag="245"><subfield code="a">The Toledo evening bee.</subfield></datafield><datafield ind1="3" ind2="0" tag="246"><subfield code="a">Toledo Sunday bee</subfield></datafield><datafield ind1=" " ind2=" " tag="260"><subfield code="a">Toledo, Ohio :</subfield><subfield code="b">Toledo Bee Co.,</subfield><subfield code="c">1892-1899.</subfield></datafield><datafield ind1=" " ind2=" " tag="310"><subfield code="a">Daily</subfield></datafield><datafield ind1="0" ind2=" " tag="362"><subfield code="a">Vol. 17, no. 141 (Oct. 3, 1892)-24th year (Feb. 24, 1899).</subfield></datafield><datafield ind1=" " ind2=" " tag="500"><subfield code="a">Published on Sunday as: Toledo Sunday bee.</subfield></datafield><datafield ind1=" " ind2=" " tag="752"><subfield code="a">United States</subfield><subfield code="b">Ohio</subfield><subfield code="c">Lucas</subfield><subfield code="d">Toledo.</subfield></datafield><datafield ind1="0" ind2=" " tag="775"><subfield code="t">Toledo weekly bee</subfield><subfield code="w">(DLC)sn 87076911</subfield></datafield><datafield ind1="0" ind2="0" tag="780"><subfield code="t">Bee (Toledo, Ohio)</subfield><subfield code="w">(DLC)sn 87076712</subfield></datafield><datafield ind1="0" ind2="0" tag="785"><subfield code="t">Toledo bee</subfield><subfield code="w">(DLC)sn 85042649</subfield></datafield></record>